%% This BibTeX bibliography file was created using BibDesk.
%% http://bibdesk.sourceforge.net/


%% Created for Neil Taylor at 2014-04-07 22:34:31 +0100 


%% Saved with string encoding Unicode (UTF-8) 


@string{aij = {Artificial Intelligence}}

@url{Olan_Intro,
	Annote = {A web archive of the original idea of OLAN, from its original creator- This page was taken off-line in 2012.},
	Author = {{Michael Golan}},
	Date-Modified = {2012-02-01},
	Howpublished = {\url{http://web.archive.org/web/20060927153819/http://www.aerobatics.org.il/olan/welcome.php}},
	Lastchecked = {12 February 2015},
	Title = {{Olan Welcome \& Support page}},
	Year = 2006}

@url{Olan_Basics,
	Annote = {A web archive of the basics and list of OLAN notations from its original creator- This page was taken off-line in 2012.},
	Author = {{Michael Golan}},
	Date-Modified = {2012-02-01},
	Howpublished = {\url{http://web.archive.org/web/20060927153819/http://www.aerobatics.org.il/olan/language.php}},
	Lastchecked = {15 February 2015},
	Title = {{Olan Language Basics}},
	Year = 2006}

@url{OpenAero_Language,
	Annote = {Guide to the OpenAero language, and help with what each manoeuvre means, including parameters.},
	Author = {{Ringo Massa}},
	Date-Modified = {2013-05-31},
	Howpublished = {\url{http://www.openaero.net/language.html}},
	Lastchecked = {15 February 2015},
	Title = {{OpenAero figures reference guide}},
	Year = 2012}

@url{OpenAero_Application,
	Annote = {The application allowing input of OLAN to produce Aresti diagrams. Currently open source and licensed under GPL V3},
	Author = {{Ringo Massa}},
	Date-Modified = {2013-05-31},
	Howpublished = {\url{http://www.openaero.net}},
	Lastchecked = {15 February 2015},
	Title = {{OpenAero main application}},
	Year = 2012}

@url{Aresti,
	Annote = {Background information on Aresti from the aerobatics society.},
	Author = {{The British Aerobatic Association Ltd}},
	Date-Modified = {2015},
	Howpublished = {\url{https://www.aerobatics.org.uk/aresti}},
	Lastchecked = {17 February 2015},
	Title = {{Aresti Catalogue introduction}},
	Year = 2015}

@article{Aresti_Simple,
	Annote = {Detailed description on Aresti figures, broken down to key component explanation},
	Author = {Wegman, B.},
	Journal = N/A,
	Pages = {1-9},
	HowPublished ={\url{http://www.fightercombat.com/wp-content/uploads/aresti_made_simple_20051.pdf}}
	Title = {Aresti Made Simple},
	Volume = {1},
	Year = 2005}

@url{ThreeJs,
	Annote = {Documentation for the three.js library, including samples, manual, and refrences to components and objects in the library.},
	Author = {{Ricardo Cabello}},
	Date-Modified = {2015},
	Howpublished = {\url{http://threejs.org/docs/}},
	Lastchecked = {02 April 2015},
	Title = {{The three.js library documentation}},
	Year = 2010}

@url{GlMatrix,
	Annote = {Javascript Matrix and Vector library for High Performance WebGL apps},
	Author = {{Brandon Jones}},
	Date-Modified = {2015-02-02},
	Howpublished = {\url{http://glmatrix.net}},
	Lastchecked = {02 April 2015},
	Title = {{glMatrix vector library}},
	Year = 2011}

@url{FDD,
	Annote = {A guide to the Feature driven development life cycle. Explaings in detail each stage, with annotated diagrams to show how to perform each part.},
	Author = {{Scott W. Ambler}},
	Date-Modified = {2005},
	Howpublished = {\url{http://www.agilemodeling.com/essays/fdd.htm}},
	Lastchecked = {25 February 2015},
	Title = {{Feature Driven Development (FDD) and Agile Modeling}},
	Year = 2005}

@url{Local_Storage,
	Annote = {A thoughough guide to Javascript local storage, including code examples.},
	Author = {{Mark Pilgrim}},
	Date-Modified = {2011},
	Howpublished = {\url{http://diveintohtml5.info/storage.html}},
	Lastchecked = {1 March 2015},
	Title = {{The past, present and future of local storage for web applications}},
	Year = 2011}

@url{observer,
	Annote = {Explanation of observer design pattern in JavaScript, with code examples.},
	Author = {{Carl Danley}},
	Date-Modified = {2014},
	Howpublished = {\url{https://carldanley.com/js-observer-pattern/}},
	Lastchecked = {2 March 2015},
	Title = {{The Observer Pattern}},
	Year = 2014}

@url{design_patterns,
	Annote = {An online book detailing a wide reange of design patterns that can be used with Javascript. Code examples included. },
	Author = {{Addy Osmani}},
	Date-Modified = {2014},
	Howpublished = {\url{http://addyosmani.com/resources/essentialjsdesignpatterns/book/}},
	Lastchecked = {2 March 2015},
	Title = {{Learning JavaScript Design Patterns}},
	Year = 2014}

@url{lazy_initialisation,
	Annote = {Martin Fowler gives his opinon on the deisng pattern, and gives a code example to explain how it works.},
	Author = {{Martin Fowler}},
	Date-Modified = {N/a},
	Howpublished = {\url{http://martinfowler.com/bliki/LazyInitialization.html}},
	Lastchecked = {3 March 2015},
	Title = {{LazyInitialization}},
	Year = 2015}

@url{google_javascript,
	Annote = {The Google handbook for correctly styling JavaScript code, including samples.},
	Author = {{Aaron Whyte, Bob Jervis, Dan Pupius, Erik Arvidsson, Fritz Schneider, Robby Walker}},
	Date-Modified = {N/a},
	Howpublished = {\url{https://google-styleguide.googlecode.com/svn/trunk/javascriptguide.xml}},
	Lastchecked = {5 March 2015},
	Title = {{Google JavaScript Style Guide}},
	Year = 2012}

@url{foundation,
	Annote = {Foundation CSS library homepage},
	Author = {{ZURB Inc.}},
	Date-Modified = {2014},
	Howpublished = {\url{http://foundation.zurb.com}},
	Lastchecked = {5 March 2015},
	Title = {{Foundation}},
	Year = 1998}

@url{boostrap,
	Annote = {Bootsrap download page for the CSS library},
	Author = {{Twitter}},
	Date-Modified = {2015},
	Howpublished = {\url{http://getbootstrap.com}},
	Lastchecked = {5 March 2015},
	Title = {{Bootstrap}},
	Year = 2012}

@url{github,
	Annote = {Github version control homepage, alongside guides and instructions.},
	Author = {{Github inc}},
	Date-Modified = {2015},
	Howpublished = {\url{https://www.github.com}},
	Lastchecked = {7th March 2015},
	Title = {{Github}},
	Year = 2015}

@url{pages,
	Annote = {Github pages instructions, showng how to make a repository into a self-hosted website. Using this for hosting the application.},
	Author = {{Githib inc}},
	Date-Modified = {2015},
	Howpublished = {\url{https://pages.github.com}},
	Lastchecked = {7th March 2015},
	Title = {{Websites for you and your projects.}},
	Year = 2015}

@url{travis,
	Annote = {Travis continuous development site, and documentation on how to use Travis for github projects.},
	Author = {{Travis CI}},
	Date-Modified = {2015},
	Howpublished = {\url{https://travis-ci.org}},
	Lastchecked = {7th March 2015},
	Title = {{Easily sync your GitHub projects with Travis CI.}},
	Year = 2015}

@url{jasmine,
	Annote = {Jasmine behaviour driven javascript library for testing code. Allows writing descipion tests, and compiles with JSUnit to test. Documentation found on the main site.},
	Author = {{Gregg Van Hove}},
	Date-Modified = {2015},
	Howpublished = {\url{http://jasmine.github.io}},
	Lastchecked = {7th March 2015},
	Title = {{Behavior-Driven JavaScript}},
	Year = 2008}

@url{jsdoc,
	Annote = {Javascript documentation site, providing a guide, examples and descriptions of jsdoc tags.},
	Author = {{Jeff Williams}},
	Date-Modified = {2014},
	Howpublished = {\url{http://usejsdoc.org}},
	Lastchecked = {7th March 2015},
	Title = {{@use JSDoc}},
	Year = 2011}

@url{sass,
	Annote = {Sass website providing guides to create sass files and how to compile to CSS.},
	Author = {{Hampton Catlin, Natalie Weizenbaum, Chris Eppstein}},
	Date-Modified = {2015},
	Howpublished = {\url{http://sass-lang.com}},
	Lastchecked = {7th March 2015},
	Title = {{Sass: Syntactically Awesome Style Sheets}},
	Year = 2006}

@url{koala,
	Annote = {Koala compiler download and guide site. Application used for compiling sass to css. },
	Author = {{Ethan Lai}},
	Date-Modified = {2014},
	Howpublished = {\url{http://koala-app.com}},
	Lastchecked = {7th March 2015},
	Title = {{Koala - a gui application for LESS, Sass, Compass and coffeescript}},
	Year = 2013}

@url{easyphp,
	Annote = {Local server application allowing php to run on a local machine. Download page and guide to using EasyPhp.},
	Author = {{EasyPHP}},
	Date-Modified = {2014},
	Howpublished = {\url{http://www.easyphp.org/introduction.php}},
	Lastchecked = {8th March 2015},
	Title = {{EasyPHP | Install a local WAMP server}},
	Year = 2000}